@article{goodman1965paper,
  author    = {Leo A. Goodman},
  title     = {On the estimation of probabilities in multistate Markov models},
  journal   = {Journal of the American Statistical Association},
  year      = {1965},
  volume    = {60},
  number    = {310},
  pages     = {310--320},
  doi       = {10.1080/01621459.1965.10480783}
}

@book{norris1998markov,
  author    = {J.R. Norris},
  title     = {Markov Chains},
  publisher = {Cambridge University Press},
  year      = {1998},
  isbn      = {9780521633963}
}

@article{littman1994markov,
  author    = {Michael L. Littman},
  title     = {Markov games as a framework for multi-agent reinforcement learning},
  journal   = {Proceedings of the 11th International Conference on Machine Learning (ICML)},
  year      = {1994},
  pages     = {157--163},
  publisher = {Morgan Kaufmann}
}

@book{bishop2006pattern,
  author    = {Christopher M. Bishop},
  title     = {Pattern Recognition and Machine Learning},
  publisher = {Springer},
  year      = {2006},
  isbn      = {9780387310732}
}

@book{ marl-book,
  author = {Stefano V. Albrecht and Filippos Christianos and Lukas Sch\"afer},
  title = {Multi-Agent Reinforcement Learning: Foundations and Modern Approaches},
  publisher = {MIT Press},
  year = {2024},
  url = {https://www.marl-book.com}
}
